=LDR  03085cas a2200709u  4500
=001  013899289
=003  Uk
=005  20220301151007.0
=008  950421d18251828||||||n|||\\\\0\\\||eng\\
=FMT  \\$a  SE
=019  n\$aNLC0007107
=040  \\$aUk$cUk
=082  04$a072.733$222
=245  04$aThe Manchester Guardian and British Volunteer.
=336  \\$atext$2rdacontent
=337  \\$aunmediated$2rdamedia
=338  \\$avolume$2rdacarrier
=500  \\$aOriginals and Microfilm.
=651  \0$aGreater Manchester (England)$vNewspapers.
=651  \0$aManchester (England)$vNewspapers.
=752  \\$aEngland$bGreater Manchester$dManchester.$2blnpn
=780  00$tManchester Guardian$gno.1-239 (5 May 1821-26 Nov.1825)$w013899288
=785  00$tManchester Guardian$gno.358-35191 (8 March 1828-22 Aug.1959)$w013899290
=866  \0$aNewspapers :no.240-357 (3 Dec.1825-1 March 1828)
=883  0\$aLanguage codes assigned by Bayesian analysis of words present in record$d20200826$qUk$c0.9919
=856  42$31825-1828$uhttp://www.britishnewspaperarchive.co.uk/search/results?TitleId=BL/0001303$yBritish Newspaper Archive
=852  41$31825-1828$aBritish Library$bHMNTS$z3 Dec. 1825 - 1 March 1828$zMicroform.$cSPHOA$kNRM$hMLD
=985  \\$aDisaggregated Record: NPL
=985  \\$aUpgraded by BSS-generated file for WR2009-0365
=CAT  \\$aBATCH-NPL$b00$c20070912$lBLL01$h1133
=CAT  \\$aBATCH-UPD$b50$c20211101$lBLL01$h1404
=CAT  \\$aBATCH-856$b50$c20211108$lBLL01$h1044
=CAT  \\$aBATCH-UPD$b50$c20211108$lBLL01$h1053
=CAT  \\$aBATCH-856$b50$c20211115$lBLL01$h0940
=CAT  \\$aBATCH-UPD$b50$c20211115$lBLL01$h0950
=CAT  \\$aBATCH-856$b50$c20211122$lBLL01$h1254
=CAT  \\$aBATCH-UPD$b50$c20211122$lBLL01$h1303
=CAT  \\$aBATCH-856$b50$c20211220$lBLL01$h1031
=CAT  \\$aBATCH-UPD$b50$c20211220$lBLL01$h1106
=CAT  \\$aBATCH-856$b50$c20211228$lBLL01$h1449
=CAT  \\$aBATCH-UPD$b50$c20211228$lBLL01$h1511
=CAT  \\$aBATCH-856$b50$c20220104$lBLL01$h0957
=CAT  \\$aBATCH-UPD$b50$c20220104$lBLL01$h1011
=CAT  \\$aBATCH-856$b50$c20220110$lBLL01$h1300
=CAT  \\$aBATCH-UPD$b50$c20220110$lBLL01$h1321
=CAT  \\$aBATCH-856$b50$c20220117$lBLL01$h1433
=CAT  \\$aBATCH-UPD$b50$c20220117$lBLL01$h1450
=CAT  \\$aBATCH-856$b50$c20220131$lBLL01$h1009
=CAT  \\$aBATCH-UPD$b50$c20220131$lBLL01$h1021
=CAT  \\$aBATCH-856$b50$c20220207$lBLL01$h0756
=CAT  \\$aBATCH-UPD$b50$c20220207$lBLL01$h0810
=CAT  \\$aBATCH-856$b50$c20220214$lBLL01$h0937
=CAT  \\$aBATCH-UPD$b50$c20220214$lBLL01$h0953
=CAT  \\$aBATCH-856$b50$c20220301$lBLL01$h1510
=CAT  \\$aBATCH-UPD$b50$c20220301$lBLL01$h1522
=FIN  \\$aY
=LEO  \\$aMP35.0000106973.1
=LKR  \\$aPAR$lBLL01$r78500$nManchester Guardian - no.358-35191 (8 March 1828-22 Aug.1959)$b013899290$mThe Manchester Guardian and British Volunteer. - no.240-357 (3 Dec.1825-1 March 1828)
=NID  \\$aNID0009401
=SRC  \\$aNPLv17$bbibmp35.20070831.aa
=TCO  \\$aZZZ$c008
=LAS  \\$aBATCH-UPD$b50$c20220301$lBLL01$h1522

